<record><leader>00000cas a22000007a 4500</leader><controlfield tag="001">9963601</controlfield><controlfield tag="008">830929d18291928nyuwr ne      0    0eng d</controlfield><datafield ind1=" " ind2=" " tag="010"><subfield code="a">sn 83031704 </subfield></datafield><datafield ind1=" " ind2=" " tag="040"><subfield code="a">NPU</subfield><subfield code="b">eng</subfield><subfield code="c">NPU</subfield><subfield code="d">DLC</subfield><subfield code="d">NYS</subfield><subfield code="d">CNK</subfield><subfield code="d">OCLCQ</subfield></datafield><datafield ind1=" " ind2=" " tag="042"><subfield code="a">msc</subfield></datafield><datafield ind1="0" ind2="0" tag="050"><subfield code="a">Newspaper 8829-X</subfield></datafield><datafield ind1="0" ind2="4" tag="245"><subfield code="a">The National pioneer.</subfield></datafield><datafield ind1=" " ind2=" " tag="260"><subfield code="a">Milton, N.Y. :</subfield><subfield code="b">Daniel S. Tuthill</subfield></datafield><datafield ind1=" " ind2=" " tag="300"><subfield code="a">v. ;</subfield><subfield code="c">52 cm.</subfield></datafield><datafield ind1=" " ind2=" " tag="310"><subfield code="a">Weekly</subfield></datafield><datafield ind1="1" ind2=" " tag="362"><subfield code="a">Began with Oct. 20, 1829 issue.</subfield><subfield code="z">Cf. Gregory, W. Amer. newspapers.</subfield></datafield><datafield ind1="1" ind2=" " tag="362"><subfield code="a">Ceased in 1928?</subfield></datafield><datafield ind1=" " ind2=" " tag="588"><subfield code="a">Description based on: Vol. 1, no. 38 (July 7, 1830).</subfield></datafield><datafield ind1=" " ind2=" " tag="752"><subfield code="a">United States</subfield><subfield code="b">New York</subfield><subfield code="c">Ulster</subfield><subfield code="d">Milton.</subfield></datafield><datafield ind1="0" ind2="7" tag="785"><subfield code="t">Milton messenger</subfield><subfield code="w">(DLC)sn 90066377</subfield><subfield code="w">(OCoLC)23006684</subfield></datafield><datafield ind1="0" ind2="7" tag="785"><subfield code="t">Southern Ulster pioneer</subfield><subfield code="w">(DLC)sn 87028280</subfield><subfield code="w">(OCoLC)15433578</subfield></datafield><datafield ind1="1" ind2=" " tag="029"><subfield code="a">AU@</subfield><subfield code="b">000025832495</subfield></datafield></record>